@article{lunn2013,
author = {Lunn, David and Barrett, Jessica and Sweeting, Michael and Thompson, Simon},
title = {Fully Bayesian hierarchical modelling in two stages, with application to meta-analysis},
journal = {Journal of the Royal Statistical Society: Series C (Applied Statistics)},
volume = {62},
number = {4},
pages = {551-572},
year = {2013}
}


@article{snow2018,
author = {Snow, Nathan P. and Zhang, Zhen and Finley, Andrew O. and Rudolph, Brent A. and Porter, William F. and Williams, David M. and Winterstein, Scott R.},
title = {Regional-based mitigation to reduce wildlifeâ€“vehicle collisions},
journal = {The Journal of Wildlife Management},
volume = {82},
number = {4},
pages = {756-765},
year = {2018}
}

@article{cressie09,
author = {Cressie, Noel and Calder, Catherine A. and Clark, James S. and Hoef, Jay M. Ver and Wikle, Christopher K.},
title = {Accounting for uncertainty in ecological analysis: the strengths and limitations of hierarchical statistical modeling},
journal = {Ecological Applications},
volume = {19},
number = {3},
pages = {553-570},
keywords = {Bayesian modeling, data model, design, empirical Bayes, harbor seals, MCMC, prior, process model, spatial process, spatiotemporal process},
year = {2009}
}

@book{gelman04,
  added-at = {2009-10-28T04:42:52.000+0100},
  author = {Gelman, Andrew and Carlin, John B. and Stern, Hal S. and Rubin, Donald B.},
  biburl = {https://www.bibsonomy.org/bibtex/2f7d7012c81d89965db2cfedf698f53c7/jwbowers},
  citeulike-article-id = {106919},
  date-added = {2007-09-03 22:45:16 -0500},
  date-modified = {2007-09-03 22:45:16 -0500},
  edition = {2nd ed.},
  interhash = {9c5f4ce8c45003080aa52ac74eb4c78c},
  intrahash = {f7d7012c81d89965db2cfedf698f53c7},
  keywords = {bayesian statistics},
  publisher = {Chapman and Hall/CRC},
  timestamp = {2009-10-28T04:43:08.000+0100},
  title = {Bayesian Data Analysis},
  year = 2004
}



@article{berliner1996,
author = {Berliner, Mark L.},
year = {1996},
month = {01},
pages = {},
title = {Hierarchical Bayesian Time Series Models},
volume = {79},
journal = {Maximum entropy and Bayesian methods},
doi = {10.1007/978-94-011-5430-7_3}
}

@book{clarkTextbook,
   author = {James S. Clark},
   year = {2007},
   title = {Models for Ecological Data},
   publisher = {Princeton University Press}
}

@book{hooten,
   author = {N. Thompson Hobbs and Mevin B. Hooten},
   year = {2015},
   title = {Bayesian Models},
   publisher = {Princeton University Press}
}

@book{forman2003,
   author = {Richard T.T. Forman and Daniel Sperling and John A. Bissonette and Anthony P. Clevenger and Carol D. Cutshall and Virginia H. Dale and Lenore Fahrig and Robert L. France and Charles R. Goldman and Kevin heanue and Julia Jones and Frederick Swanson and Thomas Turrentine and Thomas C. Winter},
   year = {2003}, 
   title = {Road Ecology: Science and Solutions}, 
   publisher = {Island Press}
}

@article{ndsi,
   title = {The remote environmental assessment laboratory's acoustic library: An archive for studying soundscape ecology},
   author = {Eric P. Kasten and Stuart H. Gage and Jordan Fox and Wooyeong Joo},
   journal = {Ecological Informatics},
   volume = {12},
   number = {1},
   pages = {50-67},
   year = {2012},
   publisher = {Elsevier}
}

@article{barber:2010, 
   title = {The costs of chronic noise exposure for terrestrial organisms},
   author = {Jesse R. Barber and Kevin R. Crooks and Kurt M. Fristrup},
   journal = {Trends in Ecology and Evolution},
   volume = {25},
   number = {1},
   pages = {180-189},
   year = {2010},
   publisher = {Cell Press}
}

@article{barber:2011,
   title = {Anthropogenic noise exposure in protected natural areas: estimating the scale of ecological consequences},
   author = {Jesse R. Barber and Chris L. Burdett and Sarah E. Reed and Katy A. Warner and Charlotte Formichella and Kevin R. Crooks and Dave M. Theobald and Kurt M. Fristrup},
   journal = {Landscape Ecology},
   volume = {26},
   number = {1},
   pages = {1281-1295},
   year = {2011},
   publisher = {Springer}
}

@article{hanks2015,
author = {Hanks, Ephraim M. and Schliep, Erin M. and Hooten, Mevin B. and Hoeting, Jennifer A.},
title = {Restricted spatial regression in practice: geostatistical models, confounding, and robustness under model misspecification},
journal = {Environmetrics},
volume = {26},
number = {4},
pages = {243-254},
year = {2015}
}

@book{banerjee2014,
  title={Hierarchical Modeling and Analysis for Spatial Data, Second Edition},
  author={Banerjee, S. and Carlin, B.P. and Gelfand, A.E.},
  isbn={9781439819173},
  lccn={2014451631},
  series={Chapman \& Hall/CRC Monographs on Statistics \& Applied Probability},
  url={https://books.google.com/books?id=zNLhAwAAQBAJ},
  year={2014},
  publisher={Taylor \& Francis}
}


@article{patricelli:2006,
   title = {Avian communication in urban noise: causes and consequences of vocal adjustment},
   author = {Gail L. Patricelli and Jessica L. Blickley},
   journal = {The Auk},
   volume = {123},
   number = {3},
   pages = {639-649},
   year = {2006},
   publisher = {The American Ornithologists' Union}
}

@article{hansen:2005,
   title = {Communication breakdown? Habitat influences on black-capped chickadee dawn choruses},
   author = {Ingebjorg Jean K. Hansen and Ken A. Otter and Harry van Oort and Carmen I. Holschuh},
   journal = {Acta Ethologica},
   volume = {8},
   number = {1},
   pages = {111-120},
   year = {2005},
   publisher = {Springer-Verlag and ISPA}
}


@article{sloan:2008,
   title = {{The More the Scarier: Adult Richardson's Ground Squirrels (Spermophilus richardsonii) Assess Response Urgency Via the Number of Alarm Signallers}},
   author = {Jennifer L. Sloan and James F. Hare},
   journal = {Ethology},
   volume = {114},
   number = {1},
   pages = {436-443},
   year = {2008},
   publisher = {Blackwell}
}

@article{schielzeth:2010,
   title = {Simple means to improve the interpretability of regression coefficients},
   author = {Holger Schielzeth},
   journal = {Methods in Ecology and Evolution},
   volume = {1},
   number = {1},
   pages = {103-113},
   year = {2010},
   publisher = {British Ecological Society}
}

@article{forman,
   title = {{Estimate of the Area Affected Ecologically by the Road System in the United States}},
   author = {Richard T. T. Forman},
   journal = {Conservation Biology},
   volume = {14},
   number = {1},
   pages = {31-35}, 
   year = {2000},
   publisher = {Wiley-Blackwell}
}

@article{buxton:2017,
   title = {{Noise pollution is pervasive in U.S. protected areas}},
   author = {Rachel T. Buxton and Megan F. McKenna and Daniel Mennitt and Kurt Fristrup and Kevin Crooks and Lisa Angeloni and George Wittemyer},
   journal = {Science},
   volume = {356},
   number = {1},
   pages = {531-533}, 
   year = {2017},
   publisher = {American Association for the Advancement of Science}
}

@article{pijanowski:2011, 
   title = {{Soundscape Ecology: The Science of Sound in the Landscape}},
   author = {Bryan C. Pijanowski and Luis J. Villanueva-Rivera and Sarah L. Dumyahn and Almo Farina and Bernie L. Krause and Brian M. Napoletano and Stuart H. Gage and Nadia Pieretti},
   journal = {BioScience},
   volume = {61},
   number = {3},
   pages = {203-216},
   year = {2011},
   publisher = {University of California Press}
}

@article{slabbekoorn,
   title = {Ecology: Birds sing at a higher pitch in urban noise},
   author = {Hans Slabbekoorn and Margriet Peet},
   journal = {Nature},
   volume = {424},
   number = {1},
   pages = {267},
   year = {2003}, 
   publisher = {Nature Publishing Group}
}

@article{slabbekoorn2008, 
   title = {Birdsong and anthropogenic noise: implications and applications for conservation},
   author = {Hans Slabbekoorn and Erwin A. P Ripmeester}, 
   journal = {Molecular Ecology}, 
   volume = {17}, 
   number = {1}, 
   pages = {72-83},
   year = {2008}
}

@article{parris2008, 
   title = {{Impacts of Traffic Noise and Traffic Volume on Birds of Roadside Habitats}},
   author = {Kirsten M. Parris and Angela Schneider},
   journal = {Ecology and Society},
   volume = {14},
   number = {1},
   pages = {29},
   year = {2008}
}

@article{mcclure2013,
   title = {An experimental investigation into the effects of traffic noise on distributions of birds: avoiding the phantom road}, 
   author = {Christopher J. W. McClure and Heidi E. Ware and Jay Carlisle and Gregory Kaltenecker and Jesse R. Barber},
   journal = {Proceedings of the Royal Society Biological Sciences},
   volume = {280},
   number = {20132290},
   year = {2013}
}

@article{katti2004, 
   title = {Tits, noise and urban bioacoustics}, 
   author = {Madhusudan Katti and Paige S Warren}, 
   journal = {Trends in Ecology and Evolution},
   volume = {19}, 
   number = {3},
   pages = {109-110}, 
   year = {2004}
}

@article{ortega2012, 
   title = {Effects of noise pollution on birds: a brief review of our knowledge},
   author = {Catherine P. Ortega},
   journal = {Ornithological Monographs}, 
   volume = {74}, 
   pages = {6-22}, 
   year = {2012}
}

@article{warren2006, 
   title = {Urban bioacoustics: it's not just noise},
   author = {Paige S. Warren and Madhusadan Katti and Michael Ermann and Anthony Brazel},
   journal = {Animal Behaviour}, 
   volume = {71}, 
   number = {3}, 
   pages = {491-502}, 
   year = {2006}
}

@article{fahrig2009,
   title = {Effects of roads on animal abundance: an empirical review and synthesis},
   author = {Lenore Fahrig and Trina Rytwinski}, 
   journal = {Ecology and Society}, 
   volume = {14}, 
   number = {1}, 
   pages = {21},
   year = {2009}
}

@article{babisch,
   title = {Stress hormones in the research on cardiovascular effects of noise},
   author = {Wolfgang Babisch},
   journal = {Noise and Health},
   volume = {5}, 
   number = {18},
   pages = {1-11},
   year = {2003},
   publisher = {Medknow Publications}
}

@article{jarup,
   title = {{Hypertension and Exposure to Noise Near Airports: the HYENA Study}},
   author = {Lars Jarup and Wolfgang Babisch and Danny Houthuijs and Goran Pershagen and Klea Katsouyanni and Ennio Cadum and Marie-Louise Dudley and Pauline Savigny and Ingeburg Seiffert and Wim Swart and oscar Breugelmans and Gosta Bluhm and Jenny Selander and Alexandros Haralabidis and Konstantina Dimakopoulou and Panayota Sourtzi and Manolis Velonakis and Federic Vigna-Taglianti},
   journal = {Environmental health Perspectives},
   volume = {116},
   number = {3},
   pages = {329-333},
   year = {2007},
   publisher = {NIEHS}
}

@article{habib:2007,
   title = {{Chronic industrial noise affects pairing success and age structure of ovenbirds Seiurus aurocapilla}},
   author = {Lucas Habib and Erin M. Bayne and Stan Boutin},
   journal = {Journal of Applied Ecology},
   volume = {44},
   number = {1},
   pages = {176-184},
   year = {2007},
   publisher = {British Ecological Society}
}

@article{aci,
   title = {{A new methodology to infer the singing activity of an avian community: The Acoustic Complexity Index (ACI)}},
   author = {Nadia Pieretti and Almo Farina and D. Morri},
   journal = {Ecological Indicators},
   volume = {11},
   number = {3},
   pages = {868-873},
   year = {2011},
   publisher = {Elsevier}
}

@article{Patricelli2006, 
   title = {Avian communication in urban noise: causes and consequences of vocal adjustment},
   author = {Gail L. Patricelli and Jessica L. Blickley},
   journal = {Auk},
   number = {3}, 
   pages = {639-649},
   volume = {123},
   year = {2006}
}

@article{Potvin2017, 
  title = {Coping with a changing soundscape: avoidance, adjustments, and adaptations}, 
  author = {Dominique A. Potvin},
  journal = {Animal Cognition},
  number = {1},
  pages = {9-18},
  publisher = {Springer Berlin Heidelberg},
  volume = {20}, 
  year = {2017}
}

@book{mcgregor2005,
author = {P. McGregor},
place={Cambridge}, 
title={Animal Communication Networks}, 
DOI={10.1017/CBO9780511610363},
publisher={Cambridge University Press}, 
year={2005}
}

@article{templeton2006,
author = {Christopher N. Templeton},
title = {{Antipredator Defenses in Birds and Mammals. Interspecific Interactions.}},
journal = {The Quarterly Review of Biology},
volume = {81},
number = {3},
pages = {309-310},
year = {2006}
}

@book{marler2004, 
author = {Peter Marler and Hans Slabbekoorn}, 
title = {Nature's Music},
publisher = {Elsevier},
year = {2003}
}

@article{Sloan2008,
author = {Sloan, Jennifer L. and Hare, James F.},
doi = {10.1111/j.1439-0310.2008.01479.x},
file = {:home/jeffdoser/Documents/research/soundscapeResearch/geneseeValleySoundscapeModel1/paperLit/moreSignalsMoreDanger.pdf:pdf},
isbn = {0179-1613},
issn = {01791613},
journal = {Ethology},
keywords = {Introduction},
mendeley-tags = {Introduction},
number = {5},
pages = {436-443},
title = {{The more the scarier: Adult Richardson's ground squirrels (Spermophilus richardsonii) assess response urgency via the Number of Alarm Signallers}},
volume = {114},
year = {2008}
}

@article{ridley2007,
  author = {Amanda R Ridley and Matthew F Child and Matthew B.V Bell},
  title = {Interspecific audience effects on the alarm-calling behaviour of a kleptoparasitic bird},
  journal = {Biology Letters},
  volume = {3},
  number = {6}, 
  pages = {589-591},
  year = {2007}
}

@article{neuweiler1989,
  author = {Gerhard Neuweiler},
  title = {{Foraging Ecology and Audition in Echolocating Bats}},
  journal = {Trends in Ecology and Evolution},
  volume = {4},
  number = {6},
  pages = {160-166},
  year = {1989}
}

@article{knudsen1979,
  author = {Eric Knudsen and Masakazu Konishi},
  title = {{Mechanisms of Sound Localization in the Barn Owl \textit{Tyto alba}}},
  journal = {Journal of Comparative Physiology},
  volume = {133}, 
  number = {1},
  pages = {13-21},
  year = {1979}
}

@article{rice1982,
  author = {William R. Rice},
  title = {{Acoustical Location of Prey by the Marsh Hawk: Adaptation to Concealed Prey}},
  journal = {The Auk},
  volume = {99}, 
  number = {3}, 
  pages = {403-413},
  year = {1982}
}

@misc{unitedNations,
  author = {{United Nations Population Division}},
  title = {{World Urbanization Prospects 2018}},
  howpublished = {\url{https://esa.un.org/unpd/wup/}},
  year = {2018}
}

@article{kujawa2009, 
  author = {Sharon G. Kujawa and M. Charles Liberman},
  title = {{Adding Insult to Injury: Cochlear Nerve Degeneration after "Temporary" Noise-Induced Hearing Loss}},
  journal = {Journal of Neuroscience},
  volume = {29},
  number = {45}, 
  pages = {14077-14085},
  year = {2009}
}

@article{brumm2005,
  author = {Henrik Brumm and Hans Slabbekoorn},
  title = {{Acoustic Communication in Noise}},
  journal = {Advances in the Study of Behavior},
  volume = {35}, 
  number = {5},
  pages = {151-209},
  year = {2005}
}

@article{suer2015, 
  author = {Jerome Sueur and Almo Farina}, 
  title = {{Ecoacoustics: the Ecological Investigation and Interpretation of Environmental Sound}}, 
  journal = {Biosemiotics},
  volume = {8},
  number = {3}, 
  pages = {493-502}, 
  year = {2015}
}

@book{gage2017,
author = {Almo Farina and Stuart H. Gage},
place={Hoboken, NJ}, 
title={{Ecoacoustics: The Ecological Role of Sounds}}, 
publisher={Wiley}, 
year={2017}
}

@article{pijanowski-2-2011,
  author = {Bryan C. Pijanowski and Almo Farina and Stuart H. Gage and Sarah L. Dumyahn and Bernie L. Krause}, 
  title = {{What is soundscape ecology? An introduction and overview of an emerging science}}, 
  journal = {Landscape Ecology},
  volume = {26}, 
  number = {9},
  pages = {1213-1232},
  year = {2011}
}

@article{fuller2015, 
  author = {Susan Fuller and Anne C. Axel and David Tucker and Stuart H. Gage},
  title = {Connecting soundscape to landscape: Which acoustic index best describes landscape configuration?},
  journal = {Ecological Indicators},
  volume = {58}, 
  number = {1},
  pages = {207-215},
  year = {2015}
}

@article{towsey2014,
  author = {Michael Towsey and Jason Wimmer and Ian Williamson and Paul Roe},
  title = {The use of acoustic indices to determine avian species richness in audio recordings of the environment},
  journal = {Ecological Informatics}, 
  volume = {21},
  number = {1},
  pages = {110-119},
  year = {2014}
}

@article{towsey2012,
  author = {Michael Towsey and Birgit Planitz and Alfredo Nantes and Jason Wimmer and Paul Roe},
  title = {A toolbox for animal call recognition}, 
  journal = {Bioacoustics}, 
  volume = {21}, 
  number = {2}, 
  pages = {107-125},
  year = {2012}
}

@article{wimmer2013, 
  author = {Jason Wimmer and Michael Towsey and Paul Roe and Ian Williamson},
  title = {Sampling environmental acoustic recordings to determine bird species richness},
  journal = {Ecological Applications}, 
  volume = {23}, 
  number = {6},
  pages = {1419-1428},
  year = {2013}
}

@article{kogan1998,
  author = {Joseph A. Kogan and Daniel Margoliash},
  title = {Automated recognition of bird song elements from continuous recordings using dynamic time warping and hidden Markov models: A comparative study},
  journal = {The Journal of the Acoustical Society of America}, 
  volume = {103}, 
  number = {4},
  pages = {2185-2196},
  year = {1998}
}

@article{truskinger2014, 
  author = {Anthony Truskinger and Michael Towsey and Paul Roe}, 
  title = {Decision support for the efficient annotation of bioacoustic events}, 
  journal = {Ecological Informatics}, 
  volume = {25},
  number = {1},
  pages = {14-21},
  year = {2014}
}

@article{villa2011,
  author = {Luis J. Villanueva-Rivera and Bryan C. Pijanowski and Jarrod Doucette and Burak Pekin},
  title = {A primer of acoustic analysis for landscape ecologists},
  journal = {Landscape Ecology},
  volume = {26},
  number = {9},
  pages = {1233-1246},
  year = {2011}
}

@article{boelman2007, 
  author = {Natalie T. Boelman and Gregory P. Asner and Patrick J. Hart and Roberta E. Martin},
  title = {{Multi-trophic invasion resistance in Hawaii: bioacoustics, field surveys, and airborne remote sensing}},
  journal = {Ecological Applications},
  volume = {17},
  number = {8},
  pages = {2137-2144},
  year = {2007}
}

@article{buxton2018,
  author = {Rachel T. Buxton and Samira Agnihotri and V. V. Robin and Anurag Goel and Rohini Balakrishnan},
  title = {{Acoustic indices as a rapid indicators of avian diversity in different land-use types in an Indian biodiversity hotspot}},
  journal = {Journal of Ecoacoustics},
  volume = {2}, 
  number = {1},
  pages = {1-17},
  year = {2018}
}

@article{fairbrass2017, 
  author = {Alison J. Fairbrass and Peter Rennert and Carol Williams and Helena Titheridge and Kate E. Jones},
  title = {Biases of acoustic indices measuring biodiversity in urban areas},
  journal = {Ecological Indicators},
  volume = {83},
  pages = {169-177}, 
  year = {2017}
}

@article{sandoval2018, 
  author = {Luis Sandoval and Gilbert Barrantes and David R. Wilson}, 
  title = {Conceptual and statistical problems with the use of the Shannon-Weiner entropy index in bioacoustic analyses}, 
  journal = {Bioacoustics},
  doi = {10.1080/09524622.2018.1443286},
  year = {2018}
}

@article{welch1967,
  author = {Peter D. Welch}, 
  title = {{The Use of Fast Fourier Transform for the Estimation of Power Spectra: A Method Based on Time Averaging Over Short, Modified Periodograms}},
  journal = {IEE Trans. Audio and Electroacoustics}, 
  volume = {15}, 
  pages = {70-73},
  year = {1967}
}

@article{mullet2016, 
  author = {Timothy C. Mullet and Stuart H. Gage and John M. Morton and Falk Huettmann}, 
  title = {{Temporal and spatial variation of a winter soundscape in south-central Alaska}}, 
  journal = {Landscape Ecology}, 
  volume = {31}, 
  number = {5}, 
  pages = {1117-1137},
  year = {2016}
}

@article{gasc2017, 
  author = {Amandine Gasc and Dante Francomano and John B. Dunning and Bryan C. Pijanowski},
  title = {Future directions for soundscape ecology: The importance of ornithological contributions},
  journal = {The Auk}, 
  volume = {134}, 
  number = {1},
  pages = {215-228},
  year = {2017}
}

@article{wood2006, 
  author = {William E. Wood and Stephen M. Yezerinac}, 
  title = {{Song Sparrow Song Varies with Urban Noise}},
  journal = {The Auk}, 
  volume = {123}, 
  number = {3}, 
  pages = {650-659}, 
  year = {2006}
}

@article{oberweger2001, 
  author = {Kerstin Oberweger and Franz Goller}, 
  title = {The metabolic cost of birdsong production},
  journal = {The Journal of Experimental Biology},
  volume = {204},
  pages = {3379-3388}, 
  year = {2001}
}

@article{brackenbury1978, 
  author = {J.H. Brackenbury},
  title = {Power capabilities of the avian sound producing system},
  journal = {Journal of Experimental Biology},
  volume = {78},
  pages = {163-166}, 
  year = {1978}
}

@article{crainiceanu2005,
  author = {Ciprian M. Crainiceanu and David Ruppert and M.P. Wand},
  title = {{Bayesian Analysis for Penalized Spline Regression Using WinBUGS}},
  journal = {Journal of Statistical Software},
  volume = {14},
  number = {14}, 
  pages = {1-24},
  year = {2005}
}

@article{ferrari2004,
  author = {Silvia L.P. Ferrari and Francisco Cribari-Neto},
  title = {{Beta Regression for Modelling Rates and Proportions}},
  journal = {Journal of Applied Statistics}, 
  volume = {31}, 
  number = {7},
  pages = {799-815},
  year = {2004}
}

@article{figueroa2013,
  author = {Jorge I. Figueroa-Z\'u\~niga and Reinaldo B. Arellano-Valle and Silvia L.P. Ferrari},
  title = {{Mixed Beta Regression: A Bayesian Perspective}},
  journal = {Computational Statistics and Data Analysis},
  volume = {61},
  pages = {137-147},
  year = {2013}
}

@article{hunger2012, 
  author = {Matthias Hunger and Angela D\"oring and Rolf Holle},
  title = {{Longitudinal beta regression models for analyzing health-related quality of life scores over time}},
  journal = {BMC Medical Research Methodology},
  volume = {12}, 
  pages = {144-156},
  year = {2012}
}

@Manual{r,
    title = {R: A Language and Environment for Statistical Computing},
    author = {{R Core Team}},
    organization = {R Foundation for Statistical Computing},
    address = {Vienna, Austria},
    year = {2019},
    url = {https://www.R-project.org/},
}
  
@Manual{soundEcology,
    title = {{soundecology: Soundscape Ecology}},
    author = {Luis J. Villanueva-Rivera and Bryan C. Pijanowski},
    year = {2018},
    note = {R package version 1.3.3},
    url = {https://CRAN.R-project.org/package=soundecology},
}  

@article{seur2008,
    title = {Seewave: a free modular tool for sound analysis and synthesis},
    author = {J. Sueur and T. Aubin and C. Simonis},
    year = {2008},
    journal = {Bioacoustics},
    volume = {18},
    pages = {213-226},
    url = {http://www.tandfonline.com/doi/abs/10.1080/09524622.2008.9753600},
  }
  
@article{eakin2015,
  author = {Carly J. Eakin and Henry Campa III and Daniel W. Linden and Gary J. Roloff and D. Bradley Rowe and Joanne Westphal},
  title = {{Avian Response to Green Roofs in Urban Landscapes in Midwestern USA}},
  journal = {Widlife Society Bulletin},
  volume = {39},
  number = {3},
  pages = {574-582},
  year = {2015}
}

@article{weinzimmer2014, 
  author = {David Weinzimmer and Peter Newman and Derrick Taff and Jacob Benfield and Emma Lynch and Paul Bell},
  title = {{Human Responses to Simulated Motorized Noise in National Parks}},
  journal = {Leisure Sciences},
  volume = {36},
  number = {3},
  pages = {251-267}, 
  year = {2014}
}

@article{roberts2009, 
  author = {Gareth O. Roberts and Jeffrey S. Rosenthal}, 
  title = {{Examples of Adaptive MCMC}}, 
  journal = {Journal of Computational and Graphical Statistics},
  volume = {18},
  number = {2},
  pages = {349-367},
  year = {2009}
}

@article{forman2000, 
  author = {Richard T. T. Forman and Robert D. Deblinger}, 
  title = {{The Ecological Road-Effect Zone of a Massachusetts (U.S.A) Suburban Highway}},
  journal = {Conservation Biology},
  volume = {14}, 
  issue = {1}, 
  pages = {36-46},
  year = {2000}
}

@article{tennessen2014,
  author = {Jennifer B. Tennessen and Susan E. Parks and Tracy Langkilde},
  title = {Traffic noise causes physiological stress and impairs breeding migration behaviour in frogs},
  journal = {Conservation Physiology},
  volume = {2},
  number = {1},
  pages = {1-8},
  year = {2014}
}

@misc{wildlifeAcoustics,
  author = {{Wildlife Acoustics}},
  title = {{Wildlife Acoustics}},
  howpublished = {\url{https://www.wildlifeacoustics.com/}},
  year = {2012}
}

@misc{gisClearinghouse, 
  author = {{NYS ITS GIS Program Office}}, 
  title = {New York State GIS Clearinghouse},
  year = {2019},
  howpublished = {\url{https://gis.ny.gov}}
}

@misc{nysDOT, 
  author = {{NYS Department of Transportation}},
  title = {{New York State Department of Transportation Traffic Data Viewer}},
  howpublished = {\url{https://www.dot.ny.gov/tdv}},
  year = {2018}
}

@misc{projectRemote, 
  author = {{Project Remote}}, 
  title = {{Remote Statistics}}, 
  howpublished = {\url{https://www.projectremote.com/}},
  year = {2019}
}

@Manual{tuneR,
    title = {{tuneR: Analysis of Music and Speech}},
    author = {Uwe Ligges and Sebastian Krey and Olaf Mersmann and Sarah Schnackenberg},
    year = {2018},
    url = {https://CRAN.R-project.org/package=tuneR},
}
  
@article{gneiting2007, 
  author = {Tilmann Gneiting and Adrian E. Raftery},
  title = {{Strictly Proper Scoring Rules, Prediction, and Estimation}},
  journal = {Journal of the American Statistical Association},
  volume = {102},
  number = {477},
  pages = {359-378},
  year = {2007}
}

@Article{jordan2018,
    title = {{Evaluating Probabilistic Forecasts with scoringRules}},
    author = {Alexander Jordan and Fabian Krueger and Sebastian Lerch},
    journal = {Journal of Statistical Software},
    year = {2018},
    note = {forthcoming},
  }
  
@article{vehtari2016,
  author = {Aki Vehtari and Andrew Gelman and Jonah Gabry},
  title = {{Practical Bayesian model evaluation using leave-one-out cross-validation and WAIC}},
  journal = {Statistics and Computing},
  volume = {27}, 
  number = {5}, 
  pages = {1413-1432},
  year = {2017}
}

@article{vehtari2002, 
  title = {{Bayesian Model Assessment and Comparison Using Cross-Validation Predictive Densities}},
  author = {Aki Vehtari and Jouko Lampinen}, 
  journal = {Neural Computation}, 
  volume = {14}, 
  number = {10}, 
  pages = {2439-2468}, 
  year = {2002}
}

@article{gelfand1990, 
  title = {{Sampling-Based Approaches to Calculating Marginal Densities}}, 
  author = {Alan E. Gelfand and Adrian F. M. Smith}, 
  journal = {Journal of the American Statistical Association},
  volume = {85}, 
  number = {410},
  pages = {398-409},
  year = {1990}
}

@article{farina2018, 
  title = {{Ecoacoustics: A Quantitative Approach to Investigate the Ecological Role of Environmental Sounds}},
  author = {Almo Farina},
  journal = {Mathematics},
  volume = {7},
  number = {21}, 
  pages = {1-16},
  year = {2018}
}

@article{phillips2018, 
  title = {{Urban sparrows respond to a sexually selected trait with increased aggression in noise}}, 
  author = {Jennifer N. Phillips and Elizabeth P. Derryberry},
  journal = {Scientific Reports},
  volume = {8},
  number = {1},
  pages = {1-10},
  year = {2018}
}

@article{brooks1998, 
  title = {General Methods for Monitoring Convergence of Iterative Simulations}, 
  author = {Stephen P. Brooks and Andrew Gelman}, 
  journal = {Journal of Computational and Graphical Statistics}, 
  volume = {7}, 
  number = {4}, 
  pages = {434-455}, 
  year = {1998}
}

  @Article{scoringRules,
    title = {{Evaluating Probabilistic Forecasts with scoringRules}},
    author = {Alexander Jordan and Fabian Krueger and Sebastian Lerch},
    journal = {Journal of Statistical Software},
    year = {2018},
    note = {forthcoming},
  }
  
@article{macLaren2018, 
  title = {Observer-free experimental evaluation of habitat and distance effects on the detection of anuran and bird vocalizations}, 
  author = {Andrew R. MacLaren and Paul S. Crump and J. Andrew Royle and Michael R. J. Forstner},
  journal = {Ecology and Evolution}, 
  volume = {8},
  number = {24}, 
  pages = {12991-13003},
  year = {2018}
}

@article{can2008, 
   title = {Capturing urban traffic noise dynamics through relevant descriptors},
   author = {Arnaud Can and Ludovic Leclercq and Joel Lelong and Jerome Defrance},
   journal = {Applied Acoustics},
   volume = {69},
   number = {12}, 
   pages = {1270-1280},
   year = {2008}
}

@article{bert2005, 
   title = {The influence of traffic flow dynamics on urban soundscapes}, 
   author = {Bert De Conesel and Tom De Muer and Isaak Yperman and Dick Botteldooren},
   journal = {Applied Acoustics}, 
   volume = {66}, 
   number = {2},
   pages = {175-194}, 
   year = {2005}
}

@article{bellisario2019,
  title = {{Contributions of {MIR} to soundscape ecology. Part I: Potential methodological synergies}},
  author = {Kristen M. Bellisario and Bryan C. Pijanowski},
  journal = {Ecological Informatics},
  volume = {51}, 
  pages = {96-102},
  year = {2019}
}

@article{bellisario2019-2,
  title = {{Contributions of {MIR} to soundscape ecology. Part II: Spectral timbral analysis for discriminating soundscape components}},
  author = {Kristen M. Bellisario and Jack VanSchaik and Zhao Zhao and Amandine Gasc and Hichem Omrani and Bryan C. Pijanowski},
  journal = {Ecological Informatics},
  volume = {51}, 
  pages = {1-14},
  year = {2019}
}

@article{herraraMontes2011, 
  title = {Impacts of traffic noise on anuran and bird communities}, 
  author = {Maria Isabel Herrera-Montes and T. Mitchell Aide}, 
  journal = {Urban Ecosystems}, 
  volume = {14}, 
  pages = {415-427}, 
  year = {2011}
}

@article{fairbrass2019, 
  title = {{CityNet} - Deep learning tools for urban ecoacoustic assessment}, 
  author = {Alison J. Fairbrass and Michael Firman and Carol Williams and Gabriel J. Brostow and Helena Titheridge and Kate E. Jones}, 
  journal = {Methods in Ecology and Evolution}, 
  volume = {10}, 
  number = {2}, 
  pages = {186-197}, 
  year = {2019}
}

@article{joo2011, 
  title = {Analysis and interpretation of variability in soundscapes along an urban-rural gradient}, 
  author = {Wooyeong Joo and Stuart H. Gage and Eric P. Kasten}, 
  journal = {Landscape and Urban Planning}, 
  volume = {103}, 
  number = {3},
  pages = {259-276}, 
  year = {2011}
}

@article{gibb2019, 
  title = {Emerging opportunities and challenges for passive acoustics in ecological assessment and monitoring}, 
  author = {Rory Gibb and Ella Browning and Paul Glover-Kapfer and Kate E. Jones}, 
  journal = {Methods in Ecology and Evolution}, 
  volume = {10}, 
  issue = {2}, 
  pages = {169-185}, 
  year = {2019}
}
